@article{mcclellan-2010,
	author = {McClellan, Jon and King, Mary-Claire},
	journal = {Cell},
	month = {4},
	number = {2},
	pages = {210--217},
	title = {{Genetic heterogeneity in human disease}},
	volume = {141},
	year = {2010},
	doi = {10.1016/j.cell.2010.03.032},
	url = {https://doi.org/10.1016/j.cell.2010.03.032},
}

@article{arnold-2020,
	author = {Arnold, M. and Abnet, C. C. and Neale, Rachel E. and Vignat, J. and Giovannucci, E. L. and McGlynn, K. A. and Bray, F.},
	journal = {Gastroenterology},
	month = {4},
	number = {1},
	pages = {335--349.e15},
	title = {Global Burden of 5 Major Types of Gastrointestinal Cancer},
	volume = {159},
	year = {2020},
	doi = {10.1053/j.gastro.2020.02.068},
	url = {https://doi.org/10.1053/j.gastro.2020.02.068},
}

@misc{acs-2024,
	key = {acs-2024},
	title = {Colorectal cancer statistics | How common is colorectal cancer?},
	url = {https://www.cancer.org/cancer/types/colon-rectal-cancer/detection-diagnosis-staging/detection.html},
	year = {2024},
	author = {American Cancer Society},
}

@book{ferlay-2024,
	author = {Ferlay, J. and Ervik, M. and Lam, F. and Laversanne, M. and Colombet, M. and Mery, L. and Pi{\~n}eros, M. and Znaor, A. and Soerjomataram, I. and Bray, F.},
	publisher = {International Agency for Research on Cancer},
	title = {Global Cancer Observatory: Cancer Today},
	year = {2024},
	url = {https://gco.iarc.who.int/media/globocan/factsheets/cancers/8-colon-fact-sheet.pdf},
}
@article{rathore-2013,
	author = {Rathore, S. and Hussain, M. and Ali, A. and Khan, A.},
	journal = {IEEE/ACM Transactions on Computational Biology and Bioinformatics},
	month = {5},
	number = {3},
	pages = {545--563},
	title = {A Recent Survey on Colon Cancer Detection Techniques},
	volume = {10},
	year = {2013},
	doi = {10.1109/tcbb.2013.84},
	url = {https://doi.org/10.1109/tcbb.2013.84},
}
@misc{Darm-Fakten,
	key = {darm-fakten},
	title = {Darm Fakten},
	year = {2024},
	author = {Ilco Schweiz},
	url={https://www.ilco.ch/ueber-stoma/darm-fakten/}, 
	journal={Ilco Schweiz},
}
@misc{eu-16,
	key = {eu-16},
	month = {4},
	title = {General Data Protection Regulation},
	year = {2024},
	url = {https://gdpr-info.eu/},
}
@article{li-2019,
	key = {li-2019},
	author = {Li, H. and Yu, L. and He, W.},
	journal = {Journal of Global Information Technology Management},
	month = {1},
	number = {1},
	pages = {1--6},
	title = {The Impact of GDPR on Global Technology Development},
	volume = {22},
	year = {2019},
	doi = {10.1080/1097198x.2019.1569186},
	url = {https://doi.org/10.1080/1097198x.2019.1569186},
}

@article{almer,
	key = {almer},
	author = {Almer, J},
	journal = {Uppsala University Department For Informatics And Media},
	title = {Deskilling as an effect of AI: A group of students' attitudes},
	year = {2022},
	url = {https://www.diva-portal.org/smash/get/diva2:1684401/ATTACHMENT01.pdf},
}

@article{tonini-2024,
	key = {tonini-2024},
	author = {Tonini, V. and Zanni, M.},
	journal = {World Journal of Gastroenterology},
	month = {1},
	number = {3},
	pages = {211--224},
	title = {Why is early detection of colon cancer still not possible in 2023?},
	volume = {30},
	year = {2024},
	doi = {10.3748/wjg.v30.i3.211},
	url = {https://pmc.ncbi.nlm.nih.gov/articles/PMC10835528/},
}

@article{thomas-1995,
	key = {thomas-1995},
	author = {Thomas M.D., Rebecca M. and Sobin M.D., Leslie H.},
	month = {1},
	number = {1},
	pages = {154-170},
	journal = {Cancer - an international interdisciplinary journal of the american cancer society},
	title = {Gastrointestinal cancer},
	volume = {75},
	year = {1995},
	doi = {https://doi.org/10.1002/1097-0142(19950101)75:1+<154::AID-CNCR2820751305>3.0.CO;2-Z},
	url = {https://acsjournals.onlinelibrary.wiley.com/doi/10.1002/1097-0142(19950101)75:1+%3C154::AID-CNCR2820751305%3E3.0.CO;2-Z},
	}
@misc{unknown-author-2020,
	key = {unknown-author-2020},
	month = {4},
	title = {Lung and Colon Cancer Histopathological Images},
	year = {2020},
	url = {https://www.kaggle.com/datasets/andrewmvd/lung-and-colon-cancer-histopathological-images},
}
@article{talukder-2022,
	key = {talukder-2022},
	author = {Talukder, Md. A. and Islam, Md. M. and Uddin, Md A. and Akhter, A. and Hasan, Khondokar F. and Moni, M. A.},
	journal = {Expert Systems with Applications},
	month = {6},
	pages = {117695},
	title = {Machine learning-based lung and colon cancer detection using deep feature extraction and ensemble learning},
	volume = {205},
	year = {2022},
	doi = {10.1016/j.eswa.2022.117695},
	url = {https://doi.org/10.1016/j.eswa.2022.117695},
}

@article{bernoulli,
	key = {bernoulli},
	author = {Bernoulli, J. and Meyer, A.},
	title = {Sampling and Confidence: Law of Large Numbers},
	journal = {MIT OpenCourseWare},
	year = {2013},
	url = {https://ocw.tau.edu.ng/courses/electrical-engineering-and-computer-science/6-042j-mathematics-for-computer-science-spring-2015/lecture-slides/MIT6_042JS15_LawLrgeNumbr.pdf},
}