@article{fu-2010,
  author    = {Fu, Audrey Qiuyan and Genereux, Diane P. and St\"{o}ger, Reinhard and Laird, Charles D. and Stephens, Matthew},
  title     = {{Statistical inference of transmission fidelity of DNA methylation patterns over somatic cell divisions in mammals}},
  journal   = {arXiv preprint arXiv:1011.2025},
  year      = {2010},
  url       = {https://arxiv.org/abs/1011.2025},
}

@article{bannister-2011,
  author       = {Bannister, Antony J. and Kouzarides, Tony},
  title        = {{Regulation of chromatin by histone modifications}},
  journal      = {Cell Research},
  volume       = {21},
  number       = {3},
  pages        = {381--395},
  year         = {2011},
  doi          = {10.1038/cr.2011.22},
  url          = {https://doi.org/10.1038/cr.2011.22},
}

@book{tollefsbol-2014,
  author       = {Tollefsbol, Trygve},
  title        = {{Transgenerational epigenetics}},
  publisher    = {Elsevier},
  year         = {2014},
  doi          = {10.1016/C2012-0-02853-0},
  url          = {https://doi.org/10.1016/C2012-0-02853-0},
}

@article{dame-2016,
  author       = {Dame, Robert T. and Tark-Dame, Marileen},
  title        = {{Bacterial chromatin: converging views at different scales}},
  journal      = {Current Opinion in Cell Biology},
  volume       = {40},
  pages        = {60--65},
  year         = {2016},
  doi          = {10.1016/j.ceb.2016.02.015},
  url          = {https://doi.org/10.1016/j.ceb.2016.02.015},
}

@article{mcclellan-2010,
	author = {McClellan, Jon and King, Mary-Claire},
	journal = {Cell},
	month = {4},
	number = {2},
	pages = {210--217},
	title = {{Genetic heterogeneity in human disease}},
	volume = {141},
	year = {2010},
	doi = {10.1016/j.cell.2010.03.032},
	url = {https://doi.org/10.1016/j.cell.2010.03.032},
}

@article{prohaska-2010,
	author = {Prohaska, Sonja J. and Stadler, Peter F. and Krakauer, David C.},
	journal = {Journal of Theoretical Biology},
	month = {3},
	number = {1},
	pages = {27--44},
	title = {{Innovation in gene regulation: The case of chromatin computation}},
	volume = {265},
	year = {2010},
	doi = {10.1016/j.jtbi.2010.03.011},
	url = {https://doi.org/10.1016/j.jtbi.2010.03.011},
}

@article{vleggaar-2007,
	author = {Vleggaar, F. P. and Lutgens, M. W. M. D. and Claessen, M. M. H.},
	journal = {Alimentary Pharmacology \& Therapeutics},
	month = {12},
	number = {s2},
	pages = {47--52},
	title = {{Review article: the relevance of surveillance endoscopy in long-lasting inflammatory bowel disease}},
	volume = {26},
	year = {2007},
	doi = {10.1111/j.1365-2036.2007.03487.x},
	url = {https://doi.org/10.1111/j.1365-2036.2007.03487.x},
}

@book{dgav-ev-2015,
	author = {DGAV e.V.},
	edition = {4.2},
	month = {1},
	publisher = {Deutsche Gesellschaft f{\"u}r Allgemein- und Viszeralchirurgie e.V.},
	title = {Zertifizierungsordnung der Deutschen Gesellschaft f{\"u}r Allgemein- und Viszeralchirurgie E.V.},
	year = {2015},
	url = {https://www.dgav.de/fileadmin/media/texte_pdf/zertifizierung/Zertifizierungsordnung_DGAV_4_2.pdf},
}

@article{koulaouzidis-2021,
	author = {Koulaouzidis, Anastasios and Dabos, Konstantinos and Philipper, Michael and Toth, Ervin and Keuchel, Martin},
	journal = {Therapeutic Advances in Gastrointestinal Endoscopy},
	month = {1},
	title = {How should we do colon capsule endoscopy reading: a practical guide},
	volume = {14},
	year = {2021},
	doi = {10.1177/26317745211001983},
	url = {https://doi.org/10.1177/26317745211001983},
}

@misc{profanter-2020,
	author = {Profanter, C. and Ninkovic, M.},
	month = {9},
	title = {{Diagnose und endoskopisches Management kolorektaler Polypen}},
	year = {2020},
	url = {https://www.springermedizin.de/endoskopie/koloskopie/diagnose-und-endoskopisches-management-kolorektaler-polypen/18408808},
}

@article{leung-2019,
title = {Su1679 WATER EXCHANGE SIGNIFICANTLY INCREASES RIGHT COLON ADENOMA DETECTION RATE COMPARED WITH WATER IMMERSION AND AIR INSUFFLATION - POOLED DATA ANALYSIS OF THREE REPORTS},
journal = {Gastrointestinal Endoscopy},
volume = {89},
number = {6, Supplement },
pages = {AB376},
year = {2019},
note = {DDW 2019 ASGE Program and Abstracts},
issn = {0016-5107},
doi = {https://doi.org/10.1016/j.gie.2019.03.551},
url = {https://www.sciencedirect.com/science/article/pii/S0016510719307424},
author = {Felix W. Leung and Malcolm Koo and Hui Jia and Sergio Cadoni and Yu-Hsi Hsieh and Joseph W. Leung}
}

@article{vilmann-2022,
	author = {Vilmann, Andreas Slot and Svendsen, Morten Bo S{\o}ndergaard and Lachenmeier, Christian and S{\o}ndergaard, Bo and Vilmann, Peter and Park, Yoon Soo and Svendsen, Lars Bo and Konge, Lars},
	journal = {Gastrointestinal Endoscopy},
	month = {1},
	number = {5},
	pages = {1002--1010},
	title = {{Colonoscope retraction technique and predicting adenoma detection rate: a multicenter study}},
	volume = {95},
	year = {2022},
	doi = {10.1016/j.gie.2021.12.026},
	url = {https://pubmed.ncbi.nlm.nih.gov/34979117/},
}

@article{arnold-2020,
	author = {Arnold, M. and Abnet, C. C. and Neale, Rachel E. and Vignat, J. and Giovannucci, E. L. and McGlynn, K. A. and Bray, F.},
	journal = {Gastroenterology},
	month = {4},
	number = {1},
	pages = {335--349.e15},
	title = {Global Burden of 5 Major Types of Gastrointestinal Cancer},
	volume = {159},
	year = {2020},
	doi = {10.1053/j.gastro.2020.02.068},
	url = {https://doi.org/10.1053/j.gastro.2020.02.068},
}

@misc{acs-2024,
	key = {acs-2024},
	title = {Colorectal cancer statistics | How common is colorectal cancer?},
	url = {https://www.cancer.org/cancer/types/colon-rectal-cancer/detection-diagnosis-staging/detection.html},
	year = {2024},
	author = {American Cancer Society},
}

@article{lux-2023,
	author = {Lux, Thomas J. and Sa{\ss}mannshausen, Zita and Kafetzis, Ioannis and Sodmann, Philipp and Herold, Katja and Sudarevic, Boban and Schmitz, R{\"u}diger and Zoller, Wolfram G. and Meining, Alexander and Hann, Alexander},
	journal = {Endoscopy},
	month = {7},
	number = {12},
	pages = {1118--1123},
	title = {{Assisted documentation as a new focus for artificial intelligence in endoscopy: the precedent of reliable withdrawal time and image reporting}},
	volume = {55},
	year = {2023},
	doi = {10.1055/a-2122-1671},
	url = {https://doi.org/10.1055/a-2122-1671},
}

@book{ferlay-2024,
	author = {Ferlay, J. and Ervik, M. and Lam, F. and Laversanne, M. and Colombet, M. and Mery, L. and Pi{\~n}eros, M. and Znaor, A. and Soerjomataram, I. and Bray, F.},
	publisher = {International Agency for Research on Cancer},
	title = {Global Cancer Observatory: Cancer Today},
	year = {2024},
	url = {https://gco.iarc.who.int/media/globocan/factsheets/cancers/8-colon-fact-sheet.pdf},
}
@article{rathore-2013,
	author = {Rathore, S. and Hussain, M. and Ali, A. and Khan, A.},
	journal = {IEEE/ACM Transactions on Computational Biology and Bioinformatics},
	month = {5},
	number = {3},
	pages = {545--563},
	title = {A Recent Survey on Colon Cancer Detection Techniques},
	volume = {10},
	year = {2013},
	doi = {10.1109/tcbb.2013.84},
	url = {https://doi.org/10.1109/tcbb.2013.84},
}
@misc{Darm-Fakten,
	key = {darm-fakten},
	title = {Darm Fakten},
	year = {2024},
	author = {Ilco Schweiz},
	url={https://www.ilco.ch/ueber-stoma/darm-fakten/}, 
	journal={Ilco Schweiz},
}
@misc{eu-16,
	key = {eu-16},
	month = {4},
	title = {General Data Protection Regulation},
	year = {2024},
	url = {https://gdpr-info.eu/},
}
@article{li-2019,
	key = {li-2019},
	author = {Li, H. and Yu, L. and He, W.},
	journal = {Journal of Global Information Technology Management},
	month = {1},
	number = {1},
	pages = {1--6},
	title = {The Impact of GDPR on Global Technology Development},
	volume = {22},
	year = {2019},
	doi = {10.1080/1097198x.2019.1569186},
	url = {https://doi.org/10.1080/1097198x.2019.1569186},
}

@article{almer,
	key = {almer},
	author = {Almer, J},
	journal = {Uppsala University Department For Informatics And Media},
	title = {Deskilling as an effect of AI: A group of students' attitudes},
	year = {2022},
	url = {https://www.diva-portal.org/smash/get/diva2:1684401/ATTACHMENT01.pdf},
}

@article{tonini-2024,
	key = {tonini-2024},
	author = {Tonini, V. and Zanni, M.},
	journal = {World Journal of Gastroenterology},
	month = {1},
	number = {3},
	pages = {211--224},
	title = {Why is early detection of colon cancer still not possible in 2023?},
	volume = {30},
	year = {2024},
	doi = {10.3748/wjg.v30.i3.211},
	url = {https://pmc.ncbi.nlm.nih.gov/articles/PMC10835528/},
}

@article{thomas-1995,
	key = {thomas-1995},
	author = {Thomas M.D., Rebecca M. and Sobin M.D., Leslie H.},
	month = {1},
	number = {1},
	pages = {154-170},
	journal = {Cancer - an international interdisciplinary journal of the american cancer society},
	title = {Gastrointestinal cancer},
	volume = {75},
	year = {1995},
	doi = {https://doi.org/10.1002/1097-0142(19950101)75:1+<154::AID-CNCR2820751305>3.0.CO;2-Z},
	url = {https://acsjournals.onlinelibrary.wiley.com/doi/10.1002/1097-0142(19950101)75:1+%3C154::AID-CNCR2820751305%3E3.0.CO;2-Z},
	}
@misc{unknown-author-2020,
	key = {unknown-author-2020},
	month = {4},
	title = {Lung and Colon Cancer Histopathological Images},
	year = {2020},
	url = {https://www.kaggle.com/datasets/andrewmvd/lung-and-colon-cancer-histopathological-images},
}
@article{talukder-2022,
	key = {talukder-2022},
	author = {Talukder, Md. A. and Islam, Md. M. and Uddin, Md A. and Akhter, A. and Hasan, Khondokar F. and Moni, M. A.},
	journal = {Expert Systems with Applications},
	month = {6},
	pages = {117695},
	title = {Machine learning-based lung and colon cancer detection using deep feature extraction and ensemble learning},
	volume = {205},
	year = {2022},
	doi = {10.1016/j.eswa.2022.117695},
	url = {https://doi.org/10.1016/j.eswa.2022.117695},
}

@article{bernoulli,
	key = {bernoulli},
	author = {Bernoulli, J. and Meyer, A.},
	title = {Sampling and Confidence: Law of Large Numbers},
	journal = {MIT OpenCourseWare},
	year = {2013},
	url = {https://ocw.tau.edu.ng/courses/electrical-engineering-and-computer-science/6-042j-mathematics-for-computer-science-spring-2015/lecture-slides/MIT6_042JS15_LawLrgeNumbr.pdf},
}